<record xmlns="http://www.loc.gov/MARC21/slim" xmlns:xsi="http://www.w3.org/2001/XMLSchema-instance" xsi:schemaLocation="http://www.loc.gov/MARC21/slim http://www.loc.gov/standards/marcxml/schema/MARC21slim.xsd">

  <leader>01488nab a22001697a 4500</leader>
  <controlfield tag="005">20160328155529.0</controlfield>
  <controlfield tag="008">150730b2002    cr f|||| |||| 00| 0 spa d</controlfield>
  <datafield ind1=" " ind2=" " tag="090">
    <subfield code="a">REVIS 06.02.01</subfield>
  </datafield>
  <datafield ind2=" " ind1="1" tag="100">
    <subfield code="9">618</subfield>
    <subfield code="a">Moreira Mora, Tania Elena</subfield>
  </datafield>
  <datafield ind2="0" ind1="1" tag="245">
    <subfield code="a">Estudio correlacional entre las pruebas de Bachillerato en la Eduación Media y el rendimiento académico en Educación Diversificada /</subfield>
    <subfield code="c">Moreira Mora, Tania Elena.</subfield>
  </datafield>
  <datafield ind2=" " ind1=" " tag="260">
    <subfield code="a">San José, Costa Rica :</subfield>
    <subfield code="b"> Editorial Universidad de Costa Rica,</subfield>
    <subfield code="c">2002</subfield>
  </datafield>
  <datafield ind1=" " ind2=" " tag="300">
    <subfield code="a">páginas 121-134</subfield>
  </datafield>
  <datafield ind1=" " ind2=" " tag="520">
    <subfield code="a">La intencionalidad de este estudio fue medir el grado de asociación entre las calificaciones obtenidas por los estudiantes en la Educación Diversificada en las cinco asignaturas medidasen el Bachillerato de Educación Media, con sus respectivos resultados en las pruebas nacionales de acreditación, con la población de estudiantes que realizaron en 1999 las pruebas de bachillerato. El estudio se realizó en la División de Control de Calidad del Ministerio de Educación Pública.
El análisis estadístico se centró en los porcentajes de estudiantes aprobados por cada asignatura según el sexo, la zona, la modalidad y el tipo de colegio, así como, los correspondientes coeficientes de correlación producto-momento de Pearson</subfield>
  </datafield>
  <datafield ind1="1" ind2="4" tag="650">
    <subfield code="9">1</subfield>
    <subfield code="a">EDUCACIÓN</subfield>
  </datafield>
  <datafield ind1="0" ind2=" " tag="773">
    <subfield code="d">San José, Costa Rica : Editorial de la Universidad de Costa Rica, 1997-</subfield>
    <subfield code="o">R0060</subfield>
    <subfield code="t">EDUCACIÓN: Revista de la Universidad de Costa Rica</subfield>
    <subfield code="g">Vol.26, no.1  (2002)</subfield>
  </datafield>
  <datafield ind1=" " ind2=" " tag="942">
    <subfield code="2">z</subfield>
    <subfield code="c">10</subfield>
  </datafield>
  <datafield ind2=" " ind1=" " tag="999">
    <subfield code="c">2749</subfield>
    <subfield code="d">2749</subfield>
  </datafield>
</record>